<?xml version="1.0" encoding="UTF-8"?><collection xmlns="http://www.loc.gov/MARC21/slim"><record><leader>00460nam--2200145-i-4500</leader><controlfield tag="001">000045792</controlfield><controlfield tag="002">20161230</controlfield><controlfield tag="005">20161230201045</controlfield><controlfield tag="008">060222s1000------------r-----000-0-eng-d</controlfield><datafield ind1=" " ind2=" " tag="080"><subfield code="a">621.311.21</subfield></datafield><datafield ind1=" " ind2=" " tag="100"><subfield code="a">Vagotchi, S.I</subfield></datafield><datafield ind1=" " ind2=" " tag="245"><subfield code="a">Ce trebuie sa stie un betonist la construirea centralelor hidroelectrice. trad.din l.rusa</subfield></datafield><datafield ind1=" " ind2=" " tag="260"><subfield code="a">Bucuresti, Ed.Energetica De Stat, 1953, 112p</subfield></datafield><datafield ind1=" " ind2=" " tag="490"><subfield code="a">Ministerul Energ.Electr.Si Industr.Electrotehnice</subfield></datafield><datafield ind1=" " ind2=" " tag="852"><subfield code="a">3207</subfield></datafield></record></collection>